@article{Matita,
  author             = {Andrea Asperti and Claudio Sacerdoti Coen and Enrico Tassi and Stefano Zacchiroli},
  title              = {User Interaction with the {Matita} Proof Assistant},
  journal            = {Journal of Automated Reasoning, Special Issue on User Interfaces for Theorem Proving},
  year               = {2006},
  note               = {to appear}
}

@techreport{Ssreflect06,
  author             = {Georges Gonthier},
  institution        = {Microsoft Research},
  note               = {},
  number             = {},
  title              = {Notations of the Four Colour Theorem Proof},
  year               = {2006}
}
